@article{investigate,
	author="Adam Lerner",
	title="Analyzing the Use of Quick Response Codes in the Wild",
	journal="Греция, Conference: the 13th Annual International Conference",
	year=2020,
	language="english"
}

@online{barcode,
  language = "russian",
  title    = "Штрих код --- назначение и использование [Электронный ресурс]",
  note     = "Режим доступа URL: \url{https://rossertcentr.ru/shtrihkod-naznachenie-i-ispolzovanie} (Дата обращения: 05.11.2022)"
}

@online{scanner,
  language = "english",
  title    = "2D Barcode Reader User Guide [Электронный ресурс]",
  note     = "Режим доступа URL: \url{https://www.perco.ru/download/documentation/rus/Mertech_N200_P2D_ApplicGuide.pdf} (Дата обращения: 15.11.2022)"
}

@online{gs1-standart,
  language = "english",
  title    = "GS1 --- Standards and services [Электронный ресурс]",
  note     = "Режим доступа URL: \url{https://www.gs1.org/standards/barcodes} (Дата обращения: 5.05.2022)"
}

@article{barcode-types,
	author="А. Воронков",
	title="Технологии штрихового кодирования в логистике",
	journal="Россия, Нижний Новгород, ННГАСУ",
	year=2011,
	language="russian",
}

@online{ean-13,
  language = "russian",
  title    = "Регистрация штриховых кодов EAN-13 [Электронный ресурс]",
  note     = "Режим доступа URL: \url{https://www.ean-13.ru/index.html} (Дата обращения: 18.11.2022)"
}

@online{code-128,
  language = "russian",
  title    = "Спецификация символики штрихового кода Code 128 [Электронный ресурс]",
  note     = "Режим доступа URL: \url{https://docs.cntd.ru/document/1200105469} (Дата обращения: 16.11.2022)"
}

@online{code-39,
  language = "english",
  title    = "Code 39 bar code symbology specification [Электронный ресурс]",
  note     = "Режим доступа URL: \url{https://www.iso.org/standard/43897.html} (Дата обращения: 16.11.2022)"
}


@article{upc,
	author="Afaq Ahmad",
	title="Significance of the UPC Barcode in the Food Industry",
	journal="Баку, Baku Scientific Researches Conference",
	year=2021,
	language="english"
}


@online{2of5,
  language = "russian",
  title    = "Спецификация символики штрихового кода Interleaved 2 of 5 [Электронный ресурс]",
  note     = "Режим доступа URL: \url{https://docs.cntd.ru/document/1200158535} (Дата обращения: 20.11.2022)"
}


@online{pdf417,
  language = "english",
  title    = "PDF417 bar code symbology specification [Электронный ресурс]",
  note     = "Режим доступа URL: \url{https://www.iso.org/standard/65502.html} (Дата обращения: 20.11.2022)"
}


@online{data-matrix,
  language = "russian",
  title    = "Спецификация символики Data Matrix [Электронный ресурс]",
  note     = "Режим доступа URL: \url{https://docs.cntd.ru/document/1200071931} (Дата обращения: 20.11.2022)"
}


@online{aztec,
  language = "russian",
  title    = "Спецификация символики штрихового кода Aztec Code [Электронный ресурс]",
  note     = "Режим доступа URL: \url{https://docs.cntd.ru/document/1200079075} (Дата обращения: 20.11.2022)"
}


@online{qr,
  language = "russian",
  title    = "Спецификация символики штрихового кода QR Code [Электронный ресурс]",
  note     = "Режим доступа URL: \url{https://docs.cntd.ru/document/1200121043} (Дата обращения: 20.11.2022)"
}


@article{ohio-error,
	author="J. Fritz",
	title="Data Matrix and PDF 417 data integrity test",
	journal="Огайо, Ohio University, Center for Automatic Identification",
	year=2020,
	language="english"
}


@online{barcode-advantages,
  language = "english",
  title    = "The advantages and disadvantages of barcodes and radio frequency identifification in supply chain management [Электронный ресурс]",
  note     = "Режим доступа URL: \url{https://ro.uow.edu.au/cgi/viewcontent.cgi?article=1009&context=thesesinfo} (Дата обращения: 20.11.2022)"
}
